
@inproceedings{gardner2013serval,
  title={The serval mesh: A platform for resilient communications in disaster \& crisis},
  author={Gardner-Stephen, Paul and Challans, Romana and Lakeman, Jeremy and Bettison, Andrew and Gardner-Stephen, Dione and Lloyd, Matthew},
  booktitle={Global Humanitarian Technology Conference (GHTC), 2013 IEEE},
  pages={162--166},
  year={2013},
  organization={IEEE}
}

@article{gardner2011serval,
  title={The serval project: Practical wireless ad-hoc mobile telecommunications},
  author={Gardner-Stephen, Paul},
  journal={Flinders University, Adelaide, South Australia, Tech. Rep},
  year={2011}
}

@inproceedings{baumgartner2016experimental,
  title={An experimental evaluation of delay-tolerant networking with Serval},
  author={Baumg{\"a}rtner, Lars and Gardner-Stephen, Paul and Graubner, Pablo and Lakeman, Jeremy and H{\"o}chst, Jonas and Lampe, Patrick and Schmidt, Nils and Schulz, Stefan and Sterz, Artur and Freisleben, Bernd},
  booktitle={Global Humanitarian Technology Conference (GHTC), 2016},
  pages={70--79},
  year={2016},
  organization={IEEE}
}

@article{tsiridis2016adding,
  title={Adding An Unusual Transport To The Serval Project},
  author={Tsiridis, Alexandros and Hill, Joseph and Gardner-Stephen, Paul},
  year={2016}
}

@inproceedings{gardner2017piloting,
  title={Piloting the serval mesh and serval mesh extender 2.0 in vanuatu: Preliminary results},
  author={Gardner-Stephen, Paul and Farouque, Salma and Lloyd, Matthew and Bate, Andrew and Cullen, Alexis},
  booktitle={Global Humanitarian Technology Conference (GHTC), 2017 IEEE},
  pages={1--10},
  year={2017},
  organization={IEEE}
}

@inproceedings{gardner2013serval,
  title={The serval mesh: A platform for resilient communications in disaster \& crisis},
  author={Gardner-Stephen, Paul and Challans, Romana and Lakeman, Jeremy and Bettison, Andrew and Gardner-Stephen, Dione and Lloyd, Matthew},
  booktitle={Global Humanitarian Technology Conference (GHTC), 2013 IEEE},
  pages={162--166},
  year={2013},
  organization={IEEE}
}

@article{gardner2011serval,
  title={The serval project: Practical wireless ad-hoc mobile telecommunications},
  author={Gardner-Stephen, Paul},
  journal={Flinders University, Adelaide, South Australia, Tech. Rep},
  year={2011}
}

@inproceedings{baumgartner2016experimental,
  title={An experimental evaluation of delay-tolerant networking with Serval},
  author={Baumg{\"a}rtner, Lars and Gardner-Stephen, Paul and Graubner, Pablo and Lakeman, Jeremy and H{\"o}chst, Jonas and Lampe, Patrick and Schmidt, Nils and Schulz, Stefan and Sterz, Artur and Freisleben, Bernd},
  booktitle={Global Humanitarian Technology Conference (GHTC), 2016},
  pages={70--79},
  year={2016},
  organization={IEEE}
}

@article{tsiridis2016adding,
  title={Adding An Unusual Transport To The Serval Project},
  author={Tsiridis, Alexandros and Hill, Joseph and Gardner-Stephen, Paul},
  year={2016}
}

@inproceedings{gardner2017piloting,
  title={Piloting the serval mesh and serval mesh extender 2.0 in vanuatu: Preliminary results},
  author={Gardner-Stephen, Paul and Farouque, Salma and Lloyd, Matthew and Bate, Andrew and Cullen, Alexis},
  booktitle={Global Humanitarian Technology Conference (GHTC), 2017 IEEE},
  pages={1--10},
  year={2017},
  organization={IEEE}
}


